<record><leader>00000cas a22000007a 4500</leader><controlfield tag="001">13919244</controlfield><controlfield tag="008">860723d18501uuuncuwr ne      0    0eng d</controlfield><datafield ind1=" " ind2=" " tag="010"><subfield code="a">sn 86077121 </subfield></datafield><datafield ind1=" " ind2=" " tag="040"><subfield code="a">NPA</subfield><subfield code="b">eng</subfield><subfield code="c">NPA</subfield><subfield code="d">NVJ</subfield><subfield code="d">OCLCQ</subfield></datafield><datafield ind1=" " ind2=" " tag="042"><subfield code="a">msc</subfield></datafield><datafield ind1="0" ind2=" " tag="130"><subfield code="a">North Carolina telegraph (Goldsboro, N.C.)</subfield></datafield><datafield ind1="1" ind2="0" tag="245"><subfield code="a">North Carolina telegraph.</subfield></datafield><datafield ind1="3" ind2="0" tag="246"><subfield code="a">Telegraph</subfield></datafield><datafield ind1=" " ind2=" " tag="260"><subfield code="a">Goldsboro, N.C. :</subfield><subfield code="b">W.F.S. Alston &amp; F.C. Patrick</subfield></datafield><datafield ind1=" " ind2=" " tag="300"><subfield code="a">v. :</subfield><subfield code="b">ill. (chiefly advertisements) ;</subfield><subfield code="c">59 cm.</subfield></datafield><datafield ind1=" " ind2=" " tag="310"><subfield code="a">Weekly</subfield></datafield><datafield ind1="1" ind2=" " tag="362"><subfield code="a">Began in 1850.</subfield><subfield code="z">Cf. Gregory, W. Amer. newspapers.</subfield></datafield><datafield ind1=" " ind2=" " tag="500"><subfield code="a">Editors: Separk &amp; J.B. Whitaker, &lt;1851&gt;.</subfield></datafield><datafield ind1=" " ind2=" " tag="588"><subfield code="a">Description based on: Vol. 2, no. 20 (Mar. 14, 1850).</subfield></datafield><datafield ind1=" " ind2=" " tag="752"><subfield code="a">United States</subfield><subfield code="b">North Carolina</subfield><subfield code="c">Wayne</subfield><subfield code="d">Goldsboro.</subfield></datafield><datafield ind1="0" ind2="0" tag="780"><subfield code="t">Goldsboro' telegraph</subfield><subfield code="w">(DLC)sn 91068322</subfield></datafield></record>